<?xml version="1.0" encoding="UTF-8"?>
<!DOCTYPE html PUBLIC "-//W3C//DTD XHTML 1.0 Transitional//EN"
    "http://www.w3.org/TR/xhtml1/DTD/xhtml1-transitional.dtd">
<html xmlns="http://www.w3.org/1999/xhtml" xml:lang="en" lang="en">
 <head>
  <title>
</title>
<meta http-equiv="Content-Type" content="text/html;charset=utf-8" />
  <meta name='ocr-system' content='tesseract 3.04.00' />
  <meta name='ocr-capabilities' content='ocr_page ocr_carea ocr_par ocr_line ocrx_word'/>
</head>
<body>
  <div class='ocr_page' id='page_1' title='image "./descriptiosystem00mait_0031.png"; bbox 0 0 1774 3067; ppageno 0'>
   <div class='ocr_carea' id='block_1_1' title="bbox 602 190 1579 221">
    <p class='ocr_par' dir='ltr' id='par_1_1' title="bbox 602 190 1579 221">
     <span class='ocr_line' id='line_1_1' title="bbox 602 190 1579 221; baseline -0.003 -1"><span class='ocrx_word' id='word_1_1' title='bbox 602 193 921 221; x_wconf 81' lang='lat' dir='ltr'>ALPHABETISCHE</span> <span class='ocrx_word' id='word_1_2' title='bbox 952 191 1182 220; x_wconf 69' lang='lat' dir='ltr'>NAAMLIJs&#39;r.</span> <span class='ocrx_word' id='word_1_3' title='bbox 1509 190 1579 217; x_wconf 77' lang='lat' dir='ltr'>XIx</span> 
     </span>
    </p>
   </div>
   <div class='ocr_carea' id='block_1_2' title="bbox 220 305 1587 1315">
    <p class='ocr_par' dir='ltr' id='par_1_2' title="bbox 220 305 1587 1315">
     <span class='ocr_line' id='line_1_2' title="bbox 220 305 1582 362; baseline -0.004 -14"><span class='ocrx_word' id='word_1_4' title='bbox 220 309 409 357; x_wconf 78' lang='lat' dir='ltr'>BONNET,</span> <span class='ocrx_word' id='word_1_5' title='bbox 438 307 548 362; x_wconf 78' lang='lat' dir='ltr'><strong>(Cn.)</strong></span> <span class='ocrx_word' id='word_1_6' title='bbox 589 309 893 359; x_wconf 84' lang='lat' dir='ltr'>Natuurkundige</span> <span class='ocrx_word' id='word_1_7' title='bbox 926 307 1229 357; x_wconf 85' lang='lat' dir='ltr'>Aanmerkingen</span> <span class='ocrx_word' id='word_1_8' title='bbox 1265 319 1352 345; x_wconf 86' lang='lat' dir='ltr'>over</span> <span class='ocrx_word' id='word_1_9' title='bbox 1377 305 1449 344; x_wconf 86' lang='lat' dir='ltr'>den</span> <span class='ocrx_word' id='word_1_10' title='bbox 1477 305 1582 344; x_wconf 87' lang='lat' dir='ltr'>Lint-</span> 
     </span>
     <span class='ocr_line' id='line_1_3' title="bbox 274 369 1579 426; baseline -0.004 -13"><span class='ocrx_word' id='word_1_11' title='bbox 274 389 409 420; x_wconf 78' lang='lat' dir='ltr'>worm,</span> <span class='ocrx_word' id='word_1_12' title='bbox 440 374 493 426; x_wconf 30' lang='lat' dir='ltr'>(in.</span> <span class='ocrx_word' id='word_1_13' title='bbox 516 376 557 413; x_wconf 82' lang='lat' dir='ltr'>de</span> <span class='ocrx_word' id='word_1_14' title='bbox 595 376 731 424; x_wconf 61' lang='lat' dir='ltr'>Uz&#39;tyez.</span> <span class='ocrx_word' id='word_1_15' title='bbox 765 376 888 420; x_wconf 66' lang='lat' dir='ltr'>Versa„</span> <span class='ocrx_word' id='word_1_16' title='bbox 918 375 980 411; x_wconf 91' lang='lat' dir='ltr'>III</span> <span class='ocrx_word' id='word_1_17' title='bbox 1008 374 1084 419; x_wconf 72' lang='lat' dir='ltr'>DL,</span> <span class='ocrx_word' id='word_1_18' title='bbox 1114 373 1164 410; x_wconf 88' lang='lat' dir='ltr'>bl.</span> <span class='ocrx_word' id='word_1_19' title='bbox 1196 369 1433 423; x_wconf 77' lang='lat'><strong>309—348).</strong></span> <span class='ocrx_word' id='word_1_20' title='bbox 1464 372 1579 411; x_wconf 82' lang='lat'><strong>1758.</strong></span> 
     </span>
     <span class='ocr_line' id='line_1_4' title="bbox 220 435 1580 491; baseline -0.002 -14"><span class='ocrx_word' id='word_1_21' title='bbox 220 439 332 477; x_wconf 76' lang='lat' dir='ltr'>Bonr</span> <span class='ocrx_word' id='word_1_22' title='bbox 343 452 394 477; x_wconf 77' lang='lat' dir='ltr'>Dr.</span> <span class='ocrx_word' id='word_1_23' title='bbox 405 441 527 478; x_wconf 72' lang='lat' dir='ltr'>SAJNT</span> <span class='ocrx_word' id='word_1_24' title='bbox 540 440 732 485; x_wconf 75' lang='lat' dir='ltr'>V1NcEN&#39;r‚</span> <span class='ocrx_word' id='word_1_25' title='bbox 743 438 796 491; x_wconf 87' lang='lat' dir='ltr'>(J.</span> <span class='ocrx_word' id='word_1_26' title='bbox 809 439 853 475; x_wconf 86' lang='lat' dir='ltr'>B.</span> <span class='ocrx_word' id='word_1_27' title='bbox 864 439 910 476; x_wconf 90' lang='lat' dir='ltr'>G.</span> <span class='ocrx_word' id='word_1_28' title='bbox 921 436 990 487; x_wconf 93' lang='lat' dir='ltr'>N.)</span> <span class='ocrx_word' id='word_1_29' title='bbox 1006 450 1113 487; x_wconf 70' lang='lat' dir='ltr'>voyez</span> <span class='ocrx_word' id='word_1_30' title='bbox 1125 436 1223 474; x_wconf 84' lang='lat' dir='ltr'>Dict.</span> <span class='ocrx_word' id='word_1_31' title='bbox 1235 436 1296 474; x_wconf 83' lang='lat' dir='ltr'>des</span> <span class='ocrx_word' id='word_1_32' title='bbox 1307 435 1446 473; x_wconf 82' lang='lat' dir='ltr'>Seienc.</span> <span class='ocrx_word' id='word_1_33' title='bbox 1462 440 1580 474; x_wconf 84' lang='lat' dir='ltr'>natur.</span> 
     </span>
     <span class='ocr_line' id='line_1_5' title="bbox 222 498 1582 550; baseline -0.003 -10"><span class='ocrx_word' id='word_1_34' title='bbox 222 526 889 532; x_wconf 80' lang='lat'>--—-————-———-——</span> <span class='ocrx_word' id='word_1_35' title='bbox 1125 514 1230 550; x_wconf 69' lang='lat' dir='ltr'>voyez</span> <span class='ocrx_word' id='word_1_36' title='bbox 1251 501 1401 549; x_wconf 79' lang='lat' dir='ltr'>Encycl.</span> <span class='ocrx_word' id='word_1_37' title='bbox 1414 498 1582 538; x_wconf 68' lang='lat' dir='ltr'>Method.</span> 
     </span>
     <span class='ocr_line' id='line_1_6' title="bbox 220 562 1580 619; baseline -0.002 -15"><span class='ocrx_word' id='word_1_38' title='bbox 220 567 426 613; x_wconf 55' lang='lat' dir='ltr'>Bonum,</span> <span class='ocrx_word' id='word_1_39' title='bbox 456 565 551 619; x_wconf 85' lang='lat' dir='ltr'><strong>(W.)</strong></span> <span class='ocrx_word' id='word_1_40' title='bbox 578 567 641 604; x_wconf 88' lang='lat' dir='ltr'>the</span> <span class='ocrx_word' id='word_1_41' title='bbox 669 565 811 603; x_wconf 86' lang='lat' dir='ltr'>natural</span> <span class='ocrx_word' id='word_1_42' title='bbox 834 563 976 612; x_wconf 81' lang='lat' dir='ltr'>history</span> <span class='ocrx_word' id='word_1_43' title='bbox 1004 564 1047 600; x_wconf 88' lang='lat' dir='ltr'>of</span> <span class='ocrx_word' id='word_1_44' title='bbox 1075 564 1264 602; x_wconf 78' lang='lat' dir='ltr'>Cornwall.</span> <span class='ocrx_word' id='word_1_45' title='bbox 1294 562 1448 601; x_wconf 87' lang='lat' dir='ltr'>Londen</span> <span class='ocrx_word' id='word_1_46' title='bbox 1467 565 1580 603; x_wconf 88' lang='grc'><strong>1758.</strong></span> 
     </span>
     <span class='ocr_line' id='line_1_7' title="bbox 221 625 1582 682; baseline -0.002 -15"><span class='ocrx_word' id='word_1_47' title='bbox 221 631 347 677; x_wconf 80' lang='lat' dir='ltr'>Bosc,</span> <span class='ocrx_word' id='word_1_48' title='bbox 376 630 436 682; x_wconf 91' lang='lat' dir='ltr'>(L.</span> <span class='ocrx_word' id='word_1_49' title='bbox 465 632 511 669; x_wconf 80' lang='lat' dir='ltr'>A.</span> <span class='ocrx_word' id='word_1_50' title='bbox 542 628 606 681; x_wconf 94' lang='lat' dir='ltr'>G.)</span> <span class='ocrx_word' id='word_1_51' title='bbox 636 629 735 667; x_wconf 88' lang='lat' dir='ltr'>Hist.</span> <span class='ocrx_word' id='word_1_52' title='bbox 766 630 884 665; x_wconf 85' lang='lat' dir='ltr'>natur.</span> <span class='ocrx_word' id='word_1_53' title='bbox 914 625 977 664; x_wconf 88' lang='lat' dir='ltr'>des</span> <span class='ocrx_word' id='word_1_54' title='bbox 1006 627 1099 664; x_wconf 89' lang='lat' dir='ltr'>Vers</span> <span class='ocrx_word' id='word_1_55' title='bbox 1118 658 1126 674; x_wconf 87' lang='lat'>‚</span> <span class='ocrx_word' id='word_1_56' title='bbox 1174 630 1371 665; x_wconf 85' lang='lat' dir='ltr'>contenant</span> <span class='ocrx_word' id='word_1_57' title='bbox 1400 628 1478 664; x_wconf 86' lang='lat' dir='ltr'>leur</span> <span class='ocrx_word' id='word_1_58' title='bbox 1505 626 1582 665; x_wconf 89' lang='lat' dir='ltr'>des-</span> 
     </span>
     <span class='ocr_line' id='line_1_8' title="bbox 276 692 1582 746; baseline -0.002 -14"><span class='ocrx_word' id='word_1_59' title='bbox 276 695 457 746; x_wconf 83' lang='lat' dir='ltr'>cription,</span> <span class='ocrx_word' id='word_1_60' title='bbox 485 696 580 732; x_wconf 88' lang='lat' dir='ltr'>leurs</span> <span class='ocrx_word' id='word_1_61' title='bbox 610 706 751 731; x_wconf 87' lang='lat' dir='ltr'>moeurs</span> <span class='ocrx_word' id='word_1_62' title='bbox 780 696 815 729; x_wconf 88' lang='lat' dir='ltr'>et</span> <span class='ocrx_word' id='word_1_63' title='bbox 842 692 938 728; x_wconf 84' lang='lat' dir='ltr'>leurs</span> <span class='ocrx_word' id='word_1_64' title='bbox 967 704 1106 740; x_wconf 84' lang='lat' dir='ltr'>usages.</span> <span class='ocrx_word' id='word_1_65' title='bbox 1154 695 1174 729; x_wconf 85' lang='lat'>3</span> <span class='ocrx_word' id='word_1_66' title='bbox 1207 693 1291 730; x_wconf 90' lang='lat' dir='ltr'>Vol.</span> <span class='ocrx_word' id='word_1_67' title='bbox 1346 692 1448 730; x_wconf 85' lang='lat' dir='ltr'>Paris</span> <span class='ocrx_word' id='word_1_68' title='bbox 1467 695 1582 730; x_wconf 90' lang='grc'><strong>1802.</strong></span> 
     </span>
     <span class='ocr_line' id='line_1_9' title="bbox 221 755 1584 810; baseline -0.001 -13"><span class='ocrx_word' id='word_1_69' title='bbox 221 760 373 805; x_wconf 69' lang='lat' dir='ltr'>Rosea,</span> <span class='ocrx_word' id='word_1_70' title='bbox 395 759 442 810; x_wconf 93' lang='lat' dir='ltr'>(I.</span> <span class='ocrx_word' id='word_1_71' title='bbox 459 760 493 796; x_wconf 88' lang='lat' dir='ltr'>J.</span> <span class='ocrx_word' id='word_1_72' title='bbox 512 769 591 796; x_wconf 87' lang='lat' dir='ltr'>VAN</span> <span class='ocrx_word' id='word_1_73' title='bbox 607 756 702 808; x_wconf 80' lang='lat' dir='ltr'><strong>DEN)</strong></span> <span class='ocrx_word' id='word_1_74' title='bbox 725 756 825 794; x_wconf 86' lang='lat' dir='ltr'>Hist.</span> <span class='ocrx_word' id='word_1_75' title='bbox 843 755 1113 793; x_wconf 77' lang='lat' dir='ltr'>constitutionis</span> <span class='ocrx_word' id='word_1_76' title='bbox 1129 755 1343 807; x_wconf 79' lang='lat' dir='ltr'>Epidemiae</span> <span class='ocrx_word' id='word_1_77' title='bbox 1359 757 1584 795; x_wconf 80' lang='lat' dir='ltr'>verminosae</span> 
     </span>
     <span class='ocr_line' id='line_1_10' title="bbox 275 819 1585 874; baseline -0.001 -14"><span class='ocrx_word' id='word_1_78' title='bbox 275 837 367 874; x_wconf 85' lang='lat' dir='ltr'>quac</span> <span class='ocrx_word' id='word_1_79' title='bbox 390 823 493 860; x_wconf 87' lang='lat' dir='ltr'>annis</span> <span class='ocrx_word' id='word_1_80' title='bbox 519 822 781 862; x_wconf 84' lang='grc'><strong>1760-1762</strong></span> <span class='ocrx_word' id='word_1_81' title='bbox 799 824 833 857; x_wconf 94' lang='lat' dir='ltr'>et</span> <span class='ocrx_word' id='word_1_82' title='bbox 846 819 927 857; x_wconf 90' lang='lat' dir='ltr'>init.</span> <span class='ocrx_word' id='word_1_83' title='bbox 946 821 1044 859; x_wconf 79' lang='grc'><strong>1765</strong></span> <span class='ocrx_word' id='word_1_84' title='bbox 1064 833 1126 870; x_wconf 85' lang='lat' dir='ltr'>per</span> <span class='ocrx_word' id='word_1_85' title='bbox 1141 820 1295 857; x_wconf 89' lang='lat' dir='ltr'>insulam</span> <span class='ocrx_word' id='word_1_86' title='bbox 1313 821 1585 872; x_wconf 79' lang='lat' dir='ltr'>Over-Flacque</span> 
     </span>
     <span class='ocr_line' id='line_1_11' title="bbox 277 881 1516 934; baseline -0.002 -11"><span class='ocrx_word' id='word_1_87' title='bbox 277 889 312 922; x_wconf 83' lang='lat' dir='ltr'>et</span> <span class='ocrx_word' id='word_1_88' title='bbox 342 885 550 934; x_wconf 75' lang='lat' dir='ltr'>contiguam</span> <span class='ocrx_word' id='word_1_89' title='bbox 577 882 821 922; x_wconf 83' lang='lat' dir='ltr'>Goede-Rede</span> <span class='ocrx_word' id='word_1_90' title='bbox 847 885 1010 931; x_wconf 77' lang='lat' dir='ltr'>grassata</span> <span class='ocrx_word' id='word_1_91' title='bbox 1034 881 1113 919; x_wconf 89' lang='lat' dir='ltr'>fuit.</span> <span class='ocrx_word' id='word_1_92' title='bbox 1153 882 1372 931; x_wconf 54' lang='lat' dir='ltr'>Lnga-Eat.</span> <span class='ocrx_word' id='word_1_93' title='bbox 1401 885 1516 923; x_wconf 83' lang='lat'><strong>1769.</strong></span> 
     </span>
     <span class='ocr_line' id='line_1_12' title="bbox 221 944 1581 994; baseline -0.003 -6"><span class='ocrx_word' id='word_1_94' title='bbox 221 950 462 988; x_wconf 76' lang='lat' dir='ltr'><strong>BOURGELAT</strong></span> <span class='ocrx_word' id='word_1_95' title='bbox 479 979 487 994; x_wconf 96' lang='lat'>‚</span> <span class='ocrx_word' id='word_1_96' title='bbox 525 947 730 986; x_wconf 83' lang='lat' dir='ltr'>onderzoek</span> <span class='ocrx_word' id='word_1_97' title='bbox 766 959 854 984; x_wconf 86' lang='lat' dir='ltr'>naar</span> <span class='ocrx_word' id='word_1_98' title='bbox 891 945 1018 994; x_wconf 87' lang='lat' dir='ltr'>eenige</span> <span class='ocrx_word' id='word_1_99' title='bbox 1047 944 1191 982; x_wconf 86' lang='lat' dir='ltr'>ziekten</span> <span class='ocrx_word' id='word_1_100' title='bbox 1219 944 1283 982; x_wconf 89' lang='lat' dir='ltr'>der</span> <span class='ocrx_word' id='word_1_101' title='bbox 1311 945 1474 983; x_wconf 83' lang='lat' dir='ltr'>Paarden</span> <span class='ocrx_word' id='word_1_102' title='bbox 1491 976 1500 993; x_wconf 88' lang='lat'>,</span> <span class='ocrx_word' id='word_1_103' title='bbox 1531 947 1581 984; x_wconf 72' lang='lat' dir='ltr'>ai-</span> 
     </span>
     <span class='ocr_line' id='line_1_13' title="bbox 275 1006 1586 1061; baseline -0.004 -10"><span class='ocrx_word' id='word_1_104' title='bbox 275 1012 464 1061; x_wconf 82' lang='lat' dir='ltr'>hankelijk</span> <span class='ocrx_word' id='word_1_105' title='bbox 494 1025 563 1049; x_wconf 77' lang='lat' dir='ltr'>van</span> <span class='ocrx_word' id='word_1_106' title='bbox 592 1011 767 1048; x_wconf 85' lang='lat' dir='ltr'>Wormen</span> <span class='ocrx_word' id='word_1_107' title='bbox 785 1039 793 1055; x_wconf 93' lang='lat'>‚</span> <span class='ocrx_word' id='word_1_108' title='bbox 822 1008 862 1045; x_wconf 89' lang='lat' dir='ltr'>in</span> <span class='ocrx_word' id='word_1_109' title='bbox 885 1007 914 1045; x_wconf 83' lang='lat' dir='ltr'>&#39;t</span> <span class='ocrx_word' id='word_1_110' title='bbox 930 1007 1134 1045; x_wconf 90' lang='lat' dir='ltr'>voorhoofd</span> <span class='ocrx_word' id='word_1_111' title='bbox 1152 1037 1160 1052; x_wconf 95' lang='lat'>,</span> <span class='ocrx_word' id='word_1_112' title='bbox 1190 1007 1229 1044; x_wconf 89' lang='lat' dir='ltr'>in</span> <span class='ocrx_word' id='word_1_113' title='bbox 1261 1006 1306 1045; x_wconf 87' lang='lat' dir='ltr'>de</span> <span class='ocrx_word' id='word_1_114' title='bbox 1330 1020 1437 1057; x_wconf 85' lang='lat' dir='ltr'>maag</span> <span class='ocrx_word' id='word_1_115' title='bbox 1465 1022 1510 1046; x_wconf 87' lang='lat' dir='ltr'>en</span> <span class='ocrx_word' id='word_1_116' title='bbox 1538 1022 1586 1060; x_wconf 89' lang='lat' dir='ltr'>op</span> 
     </span>
     <span class='ocr_line' id='line_1_14' title="bbox 275 1071 1584 1127; baseline -0.002 -14"><span class='ocrx_word' id='word_1_117' title='bbox 275 1076 320 1114; x_wconf 85' lang='lat' dir='ltr'>de</span> <span class='ocrx_word' id='word_1_118' title='bbox 356 1075 537 1114; x_wconf 86' lang='lat' dir='ltr'>buitenste</span> <span class='ocrx_word' id='word_1_119' title='bbox 575 1074 809 1127; x_wconf 80' lang='lat' dir='ltr'>oppcrvlakte</span> <span class='ocrx_word' id='word_1_120' title='bbox 832 1072 896 1110; x_wconf 88' lang='lat' dir='ltr'>der</span> <span class='ocrx_word' id='word_1_121' title='bbox 924 1071 1098 1119; x_wconf 79' lang='lat' dir='ltr'>darmen,</span> <span class='ocrx_word' id='word_1_122' title='bbox 1128 1072 1183 1124; x_wconf 77' lang='lat' dir='ltr'>(in</span> <span class='ocrx_word' id='word_1_123' title='bbox 1211 1072 1253 1110; x_wconf 85' lang='lat' dir='ltr'>de</span> <span class='ocrx_word' id='word_1_124' title='bbox 1290 1072 1429 1120; x_wconf 71' lang='lat' dir='ltr'>Uityez.</span> <span class='ocrx_word' id='word_1_125' title='bbox 1460 1074 1584 1120; x_wconf 64' lang='lat' dir='ltr'>Verk„</span> 
     </span>
     <span class='ocr_line' id='line_1_15' title="bbox 272 1136 1002 1189; baseline -0.004 -12"><span class='ocrx_word' id='word_1_126' title='bbox 272 1141 372 1179; x_wconf 80' lang='lat' dir='ltr'>VIII</span> <span class='ocrx_word' id='word_1_127' title='bbox 401 1140 474 1186; x_wconf 80' lang='lat' dir='ltr'>DL,</span> <span class='ocrx_word' id='word_1_128' title='bbox 504 1141 554 1178; x_wconf 90' lang='lat' dir='ltr'>bl.</span> <span class='ocrx_word' id='word_1_129' title='bbox 588 1136 828 1189; x_wconf 75' lang='lat'><strong>196—235).</strong></span> <span class='ocrx_word' id='word_1_130' title='bbox 888 1138 1002 1177; x_wconf 79' lang='lat'><strong>1763.</strong></span> 
     </span>
     <span class='ocr_line' id='line_1_16' title="bbox 223 1200 1587 1256; baseline -0.002 -14"><span class='ocrx_word' id='word_1_131' title='bbox 223 1205 392 1243; x_wconf 79' lang='lat' dir='ltr'><strong>BRANDT</strong></span> <span class='ocrx_word' id='word_1_132' title='bbox 406 1234 414 1250; x_wconf 97' lang='lat'>‚</span> <span class='ocrx_word' id='word_1_133' title='bbox 444 1203 496 1256; x_wconf 84' lang='lat' dir='ltr'>(J.</span> <span class='ocrx_word' id='word_1_134' title='bbox 520 1203 581 1254; x_wconf 92' lang='lat' dir='ltr'>F.)</span> <span class='ocrx_word' id='word_1_135' title='bbox 609 1202 829 1240; x_wconf 80' lang='lat' dir='ltr'>Prodi-omns</span> <span class='ocrx_word' id='word_1_136' title='bbox 857 1200 1109 1251; x_wconf 83' lang='lat' dir='ltr'>descriptionis</span> <span class='ocrx_word' id='word_1_137' title='bbox 1133 1200 1344 1239; x_wconf 87' lang='lat' dir='ltr'>animalium</span> <span class='ocrx_word' id='word_1_138' title='bbox 1359 1201 1404 1238; x_wconf 85' lang='lat' dir='ltr'>ab</span> <span class='ocrx_word' id='word_1_139' title='bbox 1420 1201 1473 1240; x_wconf 92' lang='lat' dir='ltr'>H.</span> <span class='ocrx_word' id='word_1_140' title='bbox 1489 1200 1587 1239; x_wconf 88' lang='lat' dir='ltr'>Mer-</span> 
     </span>
     <span class='ocr_line' id='line_1_17' title="bbox 277 1264 1584 1315; baseline -0.002 -9"><span class='ocrx_word' id='word_1_141' title='bbox 277 1268 395 1306; x_wconf 90' lang='lat' dir='ltr'>tensio</span> <span class='ocrx_word' id='word_1_142' title='bbox 432 1268 471 1305; x_wconf 89' lang='lat' dir='ltr'>in</span> <span class='ocrx_word' id='word_1_143' title='bbox 510 1268 607 1305; x_wconf 86' lang='lat' dir='ltr'>orbis</span> <span class='ocrx_word' id='word_1_144' title='bbox 644 1271 820 1305; x_wconf 84' lang='lat' dir='ltr'>terrarum</span> <span class='ocrx_word' id='word_1_145' title='bbox 849 1264 1256 1313; x_wconf 85' lang='lat' dir='ltr'>circumnavigationem</span> <span class='ocrx_word' id='word_1_146' title='bbox 1283 1265 1557 1303; x_wconf 76' lang='lat' dir='ltr'>observatorum</span> <span class='ocrx_word' id='word_1_147' title='bbox 1572 1281 1584 1315; x_wconf 76' lang='lat'>5</span> 
     </span>
    </p>
   </div>
   <div class='ocr_carea' id='block_1_3' title="bbox 893 526 1099 530">
    <p class='ocr_par' dir='ltr' id='par_1_3' title="bbox 893 526 1099 530">
     <span class='ocr_line' id='line_1_18' title="bbox 893 526 1099 530; baseline 0 0"><span class='ocrx_word' id='word_1_148' title='bbox 893 526 1099 530; x_wconf 95' lang='lat' dir='ltr'> </span> 
     </span>
    </p>
   </div>
   <div class='ocr_carea' id='block_1_4' title="bbox 223 1328 1595 2468">
    <p class='ocr_par' dir='ltr' id='par_1_4' title="bbox 276 1328 1586 1444">
     <span class='ocr_line' id='line_1_19' title="bbox 276 1328 1586 1383; baseline -0.002 -13"><span class='ocrx_word' id='word_1_149' title='bbox 276 1332 381 1371; x_wconf 82' lang='lat' dir='ltr'>Fasc.</span> <span class='ocrx_word' id='word_1_150' title='bbox 420 1333 452 1370; x_wconf 92' lang='lat' dir='ltr'>I.</span> <span class='ocrx_word' id='word_1_151' title='bbox 495 1333 652 1383; x_wconf 70' lang='lat' dir='ltr'>Polypos</span> <span class='ocrx_word' id='word_1_152' title='bbox 668 1361 676 1377; x_wconf 84' lang='lat'>,</span> <span class='ocrx_word' id='word_1_153' title='bbox 719 1330 924 1381; x_wconf 86' lang='lat' dir='ltr'>Acalephas</span> <span class='ocrx_word' id='word_1_154' title='bbox 948 1328 1181 1380; x_wconf 81' lang='lat' dir='ltr'>discophoras</span> <span class='ocrx_word' id='word_1_155' title='bbox 1211 1332 1247 1366; x_wconf 88' lang='lat' dir='ltr'>et</span> <span class='ocrx_word' id='word_1_156' title='bbox 1272 1329 1560 1381; x_wconf 84' lang='lat' dir='ltr'>siphonophoras</span> <span class='ocrx_word' id='word_1_157' title='bbox 1577 1360 1586 1377; x_wconf 75' lang='grc'>,</span> 
     </span>
     <span class='ocr_line' id='line_1_20' title="bbox 276 1393 1298 1444; baseline -0.004 -9"><span class='ocrx_word' id='word_1_158' title='bbox 276 1410 345 1435; x_wconf 80' lang='lat' dir='ltr'>nec</span> <span class='ocrx_word' id='word_1_159' title='bbox 373 1410 447 1434; x_wconf 89' lang='lat' dir='ltr'>non</span> <span class='ocrx_word' id='word_1_160' title='bbox 476 1395 785 1434; x_wconf 83' lang='lat' dir='ltr'>Echinodermata</span> <span class='ocrx_word' id='word_1_161' title='bbox 814 1397 911 1432; x_wconf 88' lang='lat' dir='ltr'>cont.</span> <span class='ocrx_word' id='word_1_162' title='bbox 966 1393 1151 1444; x_wconf 82' lang='lat' dir='ltr'>Petropoli</span> <span class='ocrx_word' id='word_1_163' title='bbox 1182 1396 1298 1432; x_wconf 82' lang='grc'><strong>1825.</strong></span> 
     </span>
    </p>

    <p class='ocr_par' dir='ltr' id='par_1_5' title="bbox 223 1459 1590 1629">
     <span class='ocr_line' id='line_1_21' title="bbox 223 1459 1590 1510; baseline -0.003 -10"><span class='ocrx_word' id='word_1_164' title='bbox 223 1462 388 1509; x_wconf 64' lang='grc' dir='ltr'>ΒΒΑὈΝ,</span> <span class='ocrx_word' id='word_1_165' title='bbox 419 1462 473 1510; x_wconf 86' lang='lat' dir='ltr'>(J.</span> <span class='ocrx_word' id='word_1_166' title='bbox 502 1462 544 1499; x_wconf 89' lang='lat' dir='ltr'>F.</span> <span class='ocrx_word' id='word_1_167' title='bbox 574 1462 634 1509; x_wconf 88' lang='lat' dir='ltr'>P.)</span> <span class='ocrx_word' id='word_1_168' title='bbox 666 1462 820 1510; x_wconf 83' lang='lat' dir='ltr'>System.</span> <span class='ocrx_word' id='word_1_169' title='bbox 856 1459 1070 1497; x_wconf 87' lang='lat' dir='ltr'>Beschreib.</span> <span class='ocrx_word' id='word_1_170' title='bbox 1110 1459 1249 1508; x_wconf 84' lang='lat' dir='ltr'>einiger</span> <span class='ocrx_word' id='word_1_171' title='bbox 1286 1460 1503 1509; x_wconf 69' lang='lat' dir='ltr'>Egelmten,</span> <span class='ocrx_word' id='word_1_172' title='bbox 1534 1472 1590 1497; x_wconf 91' lang='lat' dir='ltr'>so-</span> 
     </span>
     <span class='ocr_line' id='line_1_22' title="bbox 276 1524 1589 1564; baseline -0.002 0"><span class='ocrx_word' id='word_1_173' title='bbox 276 1527 373 1564; x_wconf 85' lang='lat' dir='ltr'>wohl</span> <span class='ocrx_word' id='word_1_174' title='bbox 396 1527 491 1564; x_wconf 87' lang='lat' dir='ltr'>nach</span> <span class='ocrx_word' id='word_1_175' title='bbox 515 1526 620 1564; x_wconf 85' lang='lat' dir='ltr'>ihren</span> <span class='ocrx_word' id='word_1_176' title='bbox 641 1530 811 1563; x_wconf 74' lang='lat' dir='ltr'>ausseren</span> <span class='ocrx_word' id='word_1_177' title='bbox 830 1524 1092 1562; x_wconf 86' lang='lat' dir='ltr'>Kennzeichen</span> <span class='ocrx_word' id='word_1_178' title='bbox 1118 1525 1169 1562; x_wconf 87' lang='lat' dir='ltr'>als</span> <span class='ocrx_word' id='word_1_179' title='bbox 1190 1525 1287 1562; x_wconf 84' lang='lat' dir='ltr'>nach</span> <span class='ocrx_word' id='word_1_180' title='bbox 1308 1524 1415 1562; x_wconf 86' lang='lat' dir='ltr'>ihren</span> <span class='ocrx_word' id='word_1_181' title='bbox 1437 1524 1589 1562; x_wconf 88' lang='lat' dir='ltr'>inneren</span> 
     </span>
     <span class='ocr_line' id='line_1_23' title="bbox 280 1590 689 1629; baseline -0.005 0"><span class='ocrx_word' id='word_1_182' title='bbox 280 1592 371 1629; x_wconf 82' lang='lat' dir='ltr'>Bau.</span> <span class='ocrx_word' id='word_1_183' title='bbox 415 1590 542 1628; x_wconf 84' lang='lat' dir='ltr'>Berlin</span> <span class='ocrx_word' id='word_1_184' title='bbox 573 1592 689 1627; x_wconf 81' lang='lat'><strong>1805.</strong></span> 
     </span>
    </p>

    <p class='ocr_par' dir='ltr' id='par_1_6' title="bbox 225 1651 1591 1823">
     <span class='ocr_line' id='line_1_24' title="bbox 225 1651 1591 1704; baseline -0.001 -11"><span class='ocrx_word' id='word_1_185' title='bbox 225 1655 367 1693; x_wconf 81' lang='lat' dir='ltr'>BREYN</span> <span class='ocrx_word' id='word_1_186' title='bbox 380 1685 388 1701; x_wconf 81' lang='grc'>,</span> <span class='ocrx_word' id='word_1_187' title='bbox 418 1654 471 1702; x_wconf 88' lang='lat' dir='ltr'>(J.</span> <span class='ocrx_word' id='word_1_188' title='bbox 500 1651 588 1704; x_wconf 74' lang='lat' dir='ltr'><strong>PH.)</strong></span> <span class='ocrx_word' id='word_1_189' title='bbox 612 1653 657 1691; x_wconf 88' lang='lat' dir='ltr'>de</span> <span class='ocrx_word' id='word_1_190' title='bbox 680 1653 833 1691; x_wconf 88' lang='lat' dir='ltr'>Echinis</span> <span class='ocrx_word' id='word_1_191' title='bbox 854 1657 889 1691; x_wconf 84' lang='lat' dir='ltr'>et</span> <span class='ocrx_word' id='word_1_192' title='bbox 912 1652 1116 1700; x_wconf 84' lang='lat' dir='ltr'>Echinitis,</span> <span class='ocrx_word' id='word_1_193' title='bbox 1149 1653 1225 1692; x_wconf 84' lang='lat' dir='ltr'>sive</span> <span class='ocrx_word' id='word_1_194' title='bbox 1248 1653 1455 1692; x_wconf 80' lang='lat' dir='ltr'>methodica</span> <span class='ocrx_word' id='word_1_195' title='bbox 1478 1653 1591 1692; x_wconf 64' lang='lat' dir='ltr'>Echi-2</span> 
     </span>
     <span class='ocr_line' id='line_1_25' title="bbox 277 1717 1588 1767; baseline -0.001 -10"><span class='ocrx_word' id='word_1_196' title='bbox 277 1732 409 1757; x_wconf 88' lang='lat' dir='ltr'>norum</span> <span class='ocrx_word' id='word_1_197' title='bbox 430 1717 705 1764; x_wconf 85' lang='lat' dir='ltr'>distributione,</span> <span class='ocrx_word' id='word_1_198' title='bbox 737 1717 971 1755; x_wconf 80' lang='lat' dir='ltr'>schediasma.</span> <span class='ocrx_word' id='word_1_199' title='bbox 1014 1718 1111 1756; x_wconf 68' lang='lat' dir='ltr'>Diss</span> <span class='ocrx_word' id='word_1_200' title='bbox 1140 1718 1291 1756; x_wconf 77' lang='lat' dir='ltr'>annexis</span> <span class='ocrx_word' id='word_1_201' title='bbox 1315 1718 1588 1767; x_wconf 83' lang='lat' dir='ltr'>Polythalamis.</span> 
     </span>
     <span class='ocr_line' id='line_1_26' title="bbox 281 1783 569 1823; baseline -0.003 -2"><span class='ocrx_word' id='word_1_202' title='bbox 281 1783 424 1821; x_wconf 86' lang='lat' dir='ltr'>Gedani</span> <span class='ocrx_word' id='word_1_203' title='bbox 454 1785 569 1823; x_wconf 83' lang='grc'><strong>1732.</strong></span> 
     </span>
    </p>

    <p class='ocr_par' dir='ltr' id='par_1_7' title="bbox 227 1843 1591 1959">
     <span class='ocr_line' id='line_1_27' title="bbox 227 1843 1591 1897; baseline 0.001 -15"><span class='ocrx_word' id='word_1_204' title='bbox 227 1845 435 1891; x_wconf 65' lang='grc' dir='ltr'><strong>ΒΒΕΜΞΕΚ,</strong></span> <span class='ocrx_word' id='word_1_205' title='bbox 465 1845 516 1897; x_wconf 84' lang='lat' dir='ltr'>(J.</span> <span class='ocrx_word' id='word_1_206' title='bbox 545 1843 608 1896; x_wconf 90' lang='lat' dir='ltr'>G.)</span> <span class='ocrx_word' id='word_1_207' title='bbox 636 1846 766 1883; x_wconf 87' lang='lat' dir='ltr'>Icones</span> <span class='ocrx_word' id='word_1_208' title='bbox 794 1845 1051 1883; x_wconf 86' lang='lat' dir='ltr'>Helminthum</span> <span class='ocrx_word' id='word_1_209' title='bbox 1080 1849 1238 1894; x_wconf 80' lang='lat' dir='ltr'>systema</span> <span class='ocrx_word' id='word_1_210' title='bbox 1265 1845 1463 1897; x_wconf 85' lang='lat' dir='ltr'>Rudolphii</span> <span class='ocrx_word' id='word_1_211' title='bbox 1489 1849 1591 1884; x_wconf 80' lang='lat' dir='ltr'>ento-</span> 
     </span>
     <span class='ocr_line' id='line_1_28' title="bbox 281 1910 1139 1959; baseline 0.002 -13"><span class='ocrx_word' id='word_1_212' title='bbox 281 1910 507 1959; x_wconf 80' lang='lat' dir='ltr'>zoologieum</span> <span class='ocrx_word' id='word_1_213' title='bbox 535 1910 766 1948; x_wconf 83' lang='lat' dir='ltr'>illustrantes.</span> <span class='ocrx_word' id='word_1_214' title='bbox 826 1910 991 1948; x_wconf 80' lang='lat' dir='ltr'>Viennae</span> <span class='ocrx_word' id='word_1_215' title='bbox 1023 1913 1139 1948; x_wconf 57' lang='lat'><strong>1824.</strong></span> 
     </span>
    </p>

    <p class='ocr_par' dir='ltr' id='par_1_8' title="bbox 229 1973 1591 2089">
     <span class='ocr_line' id='line_1_29' title="bbox 229 1973 1591 2025; baseline 0.001 -15"><span class='ocrx_word' id='word_1_216' title='bbox 229 1973 452 2019; x_wconf 83' lang='lat' dir='ltr'>BROMELH,</span> <span class='ocrx_word' id='word_1_217' title='bbox 481 1973 616 2025; x_wconf 79' lang='lat' dir='ltr'><strong>(OLAI)</strong></span> <span class='ocrx_word' id='word_1_218' title='bbox 643 1974 741 2012; x_wconf 90' lang='lat' dir='ltr'>Diss.</span> <span class='ocrx_word' id='word_1_219' title='bbox 763 1974 904 2012; x_wconf 84' lang='lat' dir='ltr'>medica</span> <span class='ocrx_word' id='word_1_220' title='bbox 928 1975 973 2012; x_wconf 81' lang='lat' dir='ltr'>(le</span> <span class='ocrx_word' id='word_1_221' title='bbox 998 1974 1205 2012; x_wconf 85' lang='lat' dir='ltr'>Lumbrieis</span> <span class='ocrx_word' id='word_1_222' title='bbox 1233 1975 1481 2021; x_wconf 84' lang='lat' dir='ltr'>terrestribus,</span> <span class='ocrx_word' id='word_1_223' title='bbox 1511 1974 1591 2012; x_wconf 82' lang='lat' dir='ltr'>illo·</span> 
     </span>
     <span class='ocr_line' id='line_1_30' title="bbox 283 2038 1589 2089; baseline 0.002 -15"><span class='ocrx_word' id='word_1_224' title='bbox 283 2051 432 2088; x_wconf 89' lang='lat' dir='ltr'>rumque</span> <span class='ocrx_word' id='word_1_225' title='bbox 446 2038 484 2075; x_wconf 86' lang='lat' dir='ltr'>in</span> <span class='ocrx_word' id='word_1_226' title='bbox 500 2038 685 2076; x_wconf 79' lang='lat' dir='ltr'>Medicina</span> <span class='ocrx_word' id='word_1_227' title='bbox 698 2039 977 2089; x_wconf 81' lang='lat' dir='ltr'>proprietatibus</span> <span class='ocrx_word' id='word_1_228' title='bbox 993 2043 1029 2077; x_wconf 89' lang='lat' dir='ltr'>et</span> <span class='ocrx_word' id='word_1_229' title='bbox 1043 2043 1142 2076; x_wconf 89' lang='lat' dir='ltr'>rccto</span> <span class='ocrx_word' id='word_1_230' title='bbox 1154 2053 1228 2076; x_wconf 87' lang='lat' dir='ltr'>usu.</span> <span class='ocrx_word' id='word_1_231' title='bbox 1253 2038 1455 2087; x_wconf 84' lang='lat' dir='ltr'>Lugd-Bat.</span> <span class='ocrx_word' id='word_1_232' title='bbox 1474 2040 1589 2078; x_wconf 86' lang='grc'><strong>1673.</strong></span> 
     </span>
    </p>

    <p class='ocr_par' dir='ltr' id='par_1_9' title="bbox 228 2101 1595 2215">
     <span class='ocr_line' id='line_1_31' title="bbox 228 2101 1595 2151; baseline -0.001 -12"><span class='ocrx_word' id='word_1_233' title='bbox 228 2101 401 2148; x_wconf 73' lang='lat' dir='ltr'>BRowN‚</span> <span class='ocrx_word' id='word_1_234' title='bbox 439 2102 606 2151; x_wconf 73' lang='lat' dir='ltr'>(Tuom.)</span> <span class='ocrx_word' id='word_1_235' title='bbox 649 2102 892 2140; x_wconf 80' lang='lat' dir='ltr'>Illustrations</span> <span class='ocrx_word' id='word_1_236' title='bbox 939 2104 982 2140; x_wconf 88' lang='lat' dir='ltr'>of</span> <span class='ocrx_word' id='word_1_237' title='bbox 1015 2103 1077 2139; x_wconf 87' lang='lat' dir='ltr'>the</span> <span class='ocrx_word' id='word_1_238' title='bbox 1115 2105 1239 2138; x_wconf 86' lang='lat' dir='ltr'>recent</span> <span class='ocrx_word' id='word_1_239' title='bbox 1274 2101 1514 2151; x_wconf 85' lang='lat' dir='ltr'>Conchology</span> <span class='ocrx_word' id='word_1_240' title='bbox 1552 2102 1595 2139; x_wconf 89' lang='lat' dir='ltr'>of</span> 
     </span>
     <span class='ocr_line' id='line_1_32' title="bbox 282 2165 1357 2215; baseline -0.001 -12"><span class='ocrx_word' id='word_1_241' title='bbox 282 2170 385 2215; x_wconf 82' lang='lat' dir='ltr'>great</span> <span class='ocrx_word' id='word_1_242' title='bbox 412 2166 554 2203; x_wconf 86' lang='lat' dir='ltr'>Britain</span> <span class='ocrx_word' id='word_1_243' title='bbox 578 2166 649 2204; x_wconf 88' lang='lat' dir='ltr'>and</span> <span class='ocrx_word' id='word_1_244' title='bbox 675 2166 842 2212; x_wconf 80' lang='lat' dir='ltr'>Ireland‚</span> <span class='ocrx_word' id='word_1_245' title='bbox 876 2171 896 2204; x_wconf 87' lang='grc'><strong>2</strong></span> <span class='ocrx_word' id='word_1_246' title='bbox 926 2167 1012 2205; x_wconf 85' lang='lat' dir='ltr'>edit.</span> <span class='ocrx_word' id='word_1_247' title='bbox 1055 2165 1212 2203; x_wconf 81' lang='lat' dir='ltr'>London</span> <span class='ocrx_word' id='word_1_248' title='bbox 1244 2167 1357 2203; x_wconf 64' lang='lat'><strong>1844.</strong></span> 
     </span>
    </p>

    <p class='ocr_par' dir='ltr' id='par_1_10' title="bbox 228 2229 1194 2282">
     <span class='ocr_line' id='line_1_33' title="bbox 228 2229 1194 2282; baseline -0.001 -15"><span class='ocrx_word' id='word_1_249' title='bbox 228 2230 485 2276; x_wconf 59' lang='grc' dir='ltr'><strong>ΕΒΗ-(3111131111,</strong></span> <span class='ocrx_word' id='word_1_250' title='bbox 514 2231 566 2282; x_wconf 89' lang='lat' dir='ltr'>(J.</span> <span class='ocrx_word' id='word_1_251' title='bbox 598 2229 660 2282; x_wconf 87' lang='lat' dir='ltr'>G.)</span> <span class='ocrx_word' id='word_1_252' title='bbox 689 2244 796 2280; x_wconf 58' lang='grc' dir='ltr'><em>τομεῖ</em></span> <span class='ocrx_word' id='word_1_253' title='bbox 824 2232 1003 2280; x_wconf 75' lang='lat' dir='ltr'>l&#39;Encycl.</span> <span class='ocrx_word' id='word_1_254' title='bbox 1032 2229 1194 2268; x_wconf 86' lang='lat' dir='ltr'>method.</span> 
     </span>
    </p>

    <p class='ocr_par' dir='ltr' id='par_1_11' title="bbox 228 2293 1590 2468">
     <span class='ocr_line' id='line_1_34' title="bbox 228 2293 1587 2338; baseline 0.001 -7"><span class='ocrx_word' id='word_1_255' title='bbox 228 2294 389 2331; x_wconf 85' lang='lat' dir='ltr'>Bulletin</span> <span class='ocrx_word' id='word_1_256' title='bbox 409 2294 587 2332; x_wconf 83' lang='lat' dir='ltr'>universel</span> <span class='ocrx_word' id='word_1_257' title='bbox 605 2294 666 2331; x_wconf 90' lang='lat' dir='ltr'>des</span> <span class='ocrx_word' id='word_1_258' title='bbox 690 2294 848 2331; x_wconf 84' lang='lat' dir='ltr'>sciences</span> <span class='ocrx_word' id='word_1_259' title='bbox 873 2300 908 2332; x_wconf 89' lang='lat' dir='ltr'>et</span> <span class='ocrx_word' id='word_1_260' title='bbox 928 2294 972 2332; x_wconf 87' lang='lat' dir='ltr'>de</span> <span class='ocrx_word' id='word_1_261' title='bbox 994 2293 1206 2331; x_wconf 85' lang='lat' dir='ltr'>l&#39;Industrie</span> <span class='ocrx_word' id='word_1_262' title='bbox 1219 2323 1227 2338; x_wconf 93' lang='lat'>,</span> <span class='ocrx_word' id='word_1_263' title='bbox 1250 2294 1346 2331; x_wconf 85' lang='lat' dir='ltr'>Sect.</span> <span class='ocrx_word' id='word_1_264' title='bbox 1367 2297 1400 2331; x_wconf 86' lang='grc'>2.</span> <span class='ocrx_word' id='word_1_265' title='bbox 1419 2294 1587 2333; x_wconf 83' lang='lat' dir='ltr'>Sciences</span> 
     </span>
     <span class='ocr_line' id='line_1_35' title="bbox 281 2357 1589 2408; baseline 0.001 -13"><span class='ocrx_word' id='word_1_266' title='bbox 281 2359 473 2395; x_wconf 84' lang='lat' dir='ltr'>naturelles</span> <span class='ocrx_word' id='word_1_267' title='bbox 511 2362 547 2395; x_wconf 89' lang='lat' dir='ltr'>et</span> <span class='ocrx_word' id='word_1_268' title='bbox 584 2357 628 2395; x_wconf 88' lang='lat' dir='ltr'>de</span> <span class='ocrx_word' id='word_1_269' title='bbox 669 2357 861 2406; x_wconf 84' lang='lat' dir='ltr'>geologie‚</span> <span class='ocrx_word' id='word_1_270' title='bbox 905 2357 1052 2406; x_wconf 68' lang='lat' dir='ltr'>redigee</span> <span class='ocrx_word' id='word_1_271' title='bbox 1093 2371 1157 2408; x_wconf 84' lang='lat' dir='ltr'>par</span> <span class='ocrx_word' id='word_1_272' title='bbox 1196 2357 1293 2394; x_wconf 85' lang='lat' dir='ltr'>MM.</span> <span class='ocrx_word' id='word_1_273' title='bbox 1334 2357 1561 2396; x_wconf 74' lang='lat' dir='ltr'>DELAFOSSE</span> <span class='ocrx_word' id='word_1_274' title='bbox 1579 2388 1589 2405; x_wconf 67' lang='lat'>⁷</span> 
     </span>
     <span class='ocr_line' id='line_1_36' title="bbox 283 2420 1590 2468; baseline 0.002 -8"><span class='ocrx_word' id='word_1_275' title='bbox 283 2423 532 2468; x_wconf 81' lang='lat' dir='ltr'><strong>GUILLEM1N‚</strong></span> <span class='ocrx_word' id='word_1_276' title='bbox 559 2422 698 2466; x_wconf 66' lang='grc' dir='ltr'><strong>ΚὈΗΝ,</strong></span> <span class='ocrx_word' id='word_1_277' title='bbox 719 2421 867 2460; x_wconf 80' lang='lat' dir='ltr'>LEssoN</span> <span class='ocrx_word' id='word_1_278' title='bbox 881 2452 889 2468; x_wconf 90' lang='lat'>‚</span> <span class='ocrx_word' id='word_1_279' title='bbox 910 2423 1082 2459; x_wconf 70' lang='lat' dir='ltr'>RAsPAin</span> <span class='ocrx_word' id='word_1_280' title='bbox 1098 2425 1166 2460; x_wconf 86' lang='lat' dir='ltr'>etc.</span> <span class='ocrx_word' id='word_1_281' title='bbox 1195 2420 1296 2459; x_wconf 87' lang='lat' dir='ltr'>Paris</span> <span class='ocrx_word' id='word_1_282' title='bbox 1314 2424 1590 2463; x_wconf 77' lang='lat'>1824—1831.</span> 
     </span>
    </p>
   </div>
   <div class='ocr_carea' id='block_1_5' title="bbox 881 2529 937 2569">
    <p class='ocr_par' dir='ltr' id='par_1_12' title="bbox 881 2529 937 2569">
     <span class='ocr_line' id='line_1_37' title="bbox 881 2529 937 2569; baseline 0.036 -2"><span class='ocrx_word' id='word_1_283' title='bbox 881 2529 937 2569; x_wconf 73' lang='lat' dir='ltr'>C.</span> 
     </span>
    </p>
   </div>
   <div class='ocr_carea' id='block_1_6' title="bbox 229 2613 1530 2718">
    <p class='ocr_par' dir='ltr' id='par_1_13' title="bbox 229 2613 1530 2718">
     <span class='ocr_line' id='line_1_38' title="bbox 229 2613 1530 2668; baseline -0.002 -12"><span class='ocrx_word' id='word_1_284' title='bbox 229 2617 409 2662; x_wconf 80' lang='lat' dir='ltr'>CALCAR,</span> <span class='ocrx_word' id='word_1_285' title='bbox 438 2614 500 2668; x_wconf 81' lang='lat' dir='ltr'>(A.</span> <span class='ocrx_word' id='word_1_286' title='bbox 517 2613 572 2666; x_wconf 83' lang='lat' dir='ltr'>v.)</span> <span class='ocrx_word' id='word_1_287' title='bbox 599 2615 753 2654; x_wconf 86' lang='lat' dir='ltr'>Dissert.</span> <span class='ocrx_word' id='word_1_288' title='bbox 783 2614 905 2664; x_wconf 83' lang='lat' dir='ltr'>inaug.</span> <span class='ocrx_word' id='word_1_289' title='bbox 935 2613 979 2652; x_wconf 89' lang='lat' dir='ltr'>de</span> <span class='ocrx_word' id='word_1_290' title='bbox 1008 2614 1201 2654; x_wconf 84' lang='lat' dir='ltr'>Hirudinis</span> <span class='ocrx_word' id='word_1_291' title='bbox 1234 2615 1401 2654; x_wconf 87' lang='lat' dir='ltr'>Historia</span> <span class='ocrx_word' id='word_1_292' title='bbox 1423 2619 1530 2655; x_wconf 77' lang='lat' dir='ltr'>natm·</span> 
     </span>
     <span class='ocr_line' id='line_1_39' title="bbox 282 2680 597 2718; baseline -0.003 0"><span class='ocrx_word' id='word_1_293' title='bbox 282 2680 457 2718; x_wconf 82' lang='lat' dir='ltr'>Daventr.</span> <span class='ocrx_word' id='word_1_294' title='bbox 481 2683 597 2717; x_wconf 71' lang='lat'><strong>1323.</strong></span> 
     </span>
    </p>
   </div>
  </div>
 </body>
</html>
