1774 3067
258 187 272 213 Ι
281 187 301 213 V

259 306 363 345 Doct.
397 318 540 346 ANSLYN
579 309 780 347 seeundum
815 315 976 360 systema
1010 324 1233 352 LATRmLLn
1265 314 1304 353 in
1334 317 1501 356 ordinem
1530 322 1617 356 sunt

260 376 434 423 redacta,
475 375 650 428 copiaque
683 389 857 417 novorum
893 379 1156 430 indiyenorum
1189 383 1316 436 aucta)
1351 389 1426 424 tam
1456 398 1617 425 summa-

262 445 328 483 tim
362 449 448 483 sunt
486 449 686 492 tractatae,
725 451 766 485 ut
793 448 957 487 mammo
984 450 1025 488 in
1053 451 1266 491 universum
1296 455 1443 504 coynita
1472 456 1617 495 anima-

262 512 354 551 lium
371 525 509 562 yenera
534 514 722 553 cluntaoeat
745 523 1026 566 recenseantur,
1051 520 1096 558 de
1119 521 1248 560 multis
1272 521 1362 560 aliis
1385 523 1554 563 sileatur.

316 582 436 627 Quum
472 582 513 619 in
549 582 788 630 Hollandiae‚
826 585 1050 637 Gelriaeque
1074 601 1187 640 aeque
1215 594 1324 642 atque
1354 591 1395 629 in
1421 591 1617 631 Zelandiae

257 650 511 689 ronunorabar
539 652 763 702 provinciis,
801 654 1058 707 <imprimisque
1086 671 1235 708 operam
1271 660 1454 699 navabant
1485 661 1533 700 iis
1561 662 1618 699 in-

256 719 468 768 quirendis,
499 733 591 771 qia-ae
619 721 659 758 in
689 721 789 760 bisce
815 723 903 761 locis
925 727 1184 773 occurrebant,
1218 729 1469 777 animalibus,
1494 730 1618 780 pluri-

254 798 317 824 ma
346 798 471 825 eorum
500 792 587 826 nota
615 788 711 826 milei
739 790 844 839 sacta
873 795 981 838 sunt,
1012 799 1140 845 atque,
1172 795 1274 835 bisce
1302 797 1619 836 observationibus

255 861 445 902 armatus,
482 856 697 906 periclitor,
728 858 913 906 juveniles
950 873 1051 900 meas
1088 868 1232 903 tentare
1260 865 1378 912 vires,
1407 865 1449 904 ‘in
1477 877 1616 917 compo-

254 924 374 962 nendo
384 923 684 971 Nomenclatore,
697 926 737 964 in
753 939 821 978 qno
837 928 1022 968 animalia
1034 931 1288 972 Neerlandiae
1305 934 1617 984 Septentrionalis

255 992 385 1031 ordine
400 994 634 1043 systematico
649 995 922 1035 describuntur.
935 1021 986 1026 ——
1002 999 1119 1038 Nemo
1135 1005 1258 1040 tamen
1274 1008 1456 1053 eoespectet
1467 1034 1475 1050 ,
1492 1008 1533 1042 ut
1551 1003 1616 1042 liic

253 1061 397 1108 omnia,
428 1075 520 1113 quae
547 1063 588 1101 in
616 1068 746 1103 nostra
774 1065 910 1105 Patria
939 1067 1042 1107 obvia
1066 1074 1153 1108 sunt
1175 1071 1362 1110 animalia
1391 1084 1613 1112 recenseam.

258 1130 418 1181 Quisque
447 1131 564 1177 enim,
596 1132 655 1170 cui
685 1133 923 1184 aliquatenus
951 1137 1082 1177 saltem
1114 1138 1218 1177 labor
1247 1141 1317 1179 tali
1342 1142 1444 1191 operi
1458 1142 1615 1190 junctus

250 1198 472 1245 innotuerit,
516 1200 633 1250 facile
668 1201 823 1249 videbit,
875 1204 960 1254 fieri
993 1217 1067 1243 non
1101 1219 1208 1256 posse
1244 1212 1285 1246 ut
1325 1221 1424 1247 unus
1467 1209 1615 1248 omnino

252 1266 358 1305 liomo
388 1268 462 1306 tale
493 1281 583 1319 opus
607 1270 773 1320 perfecte
798 1271 970 1312 elaboret.
1031 1276 1134 1321 Quod
1162 1276 1388 1315 solummodo
1417 1290 1543 1328 spero,
1574 1277 1615 1316 id

251 1341 322 1381 est,
352 1341 394 1374 ut
422 1348 524 1375 meus
554 1339 807 1378 consideretur
837 1341 960 1388 labor,
990 1344 1087 1382 velut
1111 1350 1312 1395 syntayma
1337 1346 1508 1385 criticam
1535 1358 1614 1386 ma-

251 1403 433 1442 teriarwn
470 1411 620 1444 nostrae
656 1407 806 1445 Faunae
843 1408 903 1447 liic
935 1410 1017 1448 illic
1054 1411 1332 1461 dispersarum,
1359 1414 1528 1464 propriis
1557 1415 1614 1453 ob-

249 1473 518 1512 servationibus
541 1476 800 1526 confirmatum·
825 1478 879 1515 cel
903 1478 1153 1527 illustratum,
1175 1486 1284 1532 atque
1306 1482 1408 1520 novis
1425 1483 1614 1534 indiyenis

248 1544 417 1581 auctum,
462 1545 496 1578 et
536 1546 577 1579 ut
618 1542 673 1580 ita
711 1543 759 1580 sit
798 1544 896 1583 basis
933 1546 1303 1587 animadversionum
1341 1550 1610 1600 posteriorum,

250 1613 360 1660 atque
391 1621 461 1659 per
498 1609 598 1649 lianc
633 1612 732 1649 viam
760 1614 871 1651 semel
900 1616 1166 1655 nanciscamur
1196 1619 1367 1656 Faunam
1399 1618 1609 1670 Belgicam,

249 1682 430 1728 qnantum
456 1679 542 1729 fieri
566 1684 704 1729 potest,
736 1682 904 1721 omnibus
933 1686 1100 1724 numeris
1124 1688 1344 1737 perfectam.

308 1747 513 1793 Quemnam
550 1760 720 1799 sequerer
753 1750 940 1798 ordinem,
980 1753 1050 1791 cito
1078 1754 1174 1792 milii
1204 1756 1443 1794 constitutam
1472 1756 1608 1803 habui,

247 1814 398 1865 ‘ipseque
421 1828 459 1853 se
482 1817 589 1867 quasi
612 1817 712 1855 ultro
732 1820 925 1870 offerebat,
957 1834 1069 1872 quum
1090 1823 1131 1861 in
1157 1824 1274 1862 lucem
1296 1825 1472 1863 edebatur
1494 1825 1568 1865 Ed.
1584 1827 1609 1865 2

247 1882 478 1922 Encheiridii
523 1885 717 1936 Zoologiae
763 1888 818 1927 Cl.
857 1900 886 1927 J.
924 1900 997 1928 VAN
1030 1903 1104 1930 min
1133 1904 1296 1932 HoEVEN.
1373 1894 1469 1941 Quia
1510 1895 1610 1934 illud

246 1964 425 2002 ‘maynam
449 1960 597 2004 partem
619 1955 660 1993 in
686 1955 818 2006 linqua
841 1959 1042 1997 vernacula
1068 1965 1148 1999 erat
1175 1962 1372 2011 scriptam,
1403 1966 1438 2001 et
1461 1963 1610 2001 omnino

249 2022 494 2071 respondebat
529 2023 687 2074 sastiyio
724 2024 900 2064 scientiae
929 2026 1124 2074 hodierno,
1156 2041 1213 2068 me
1241 2030 1340 2068 illud
1369 2035 1409 2069 ut
1436 2031 1609 2081 reyulam

249 2089 351 2140 sequi
387 2090 518 2129 debere
551 2093 698 2137 censui,·
736 2106 924 2145 measque,
955 2102 1135 2147 qzismtum
1160 2099 1283 2148 potui,
1313 2099 1410 2137 vires
1438 2099 1602 2147 intendi,

247 2162 290 2195 ut
313 2158 390 2207 ejus
415 2158 680 2199 elaborationis
703 2162 885 2202 rationem
913 2177 1095 2216 sequerer.
1111 2190 1162 2195 —
1185 2167 1396 2219 Diaynosin
1423 2170 1608 2209 Familia-

248 2239 353 2273 ram,
395 2227 579 2267 Ordinum
615 2229 866 2283 Generumque
899 2245 973 2272 non
1010 2237 1209 2274 memoravi
1241 2242 1423 2288 qnatenus
1459 2238 1502 2277 in
1533 2240 1606 2278 En-

247 2292 430 2332 cheiridio
454 2296 714 2344 occurrebant,
745 2304 854 2350 atque
876 2301 982 2339 modo
1003 2303 1054 2341 ad
1072 2304 1239 2353 payinas
1264 2305 1447 2356 releyavi,
1473 2307 1606 2358 quibus

247 2367 334 2402 sunt
356 2364 568 2416 descripta;
598 2372 847 2418 symptomata
871 2373 995 2409 tamen
1019 2384 1143 2411 eorum
1172 2373 1373 2422 Generum,
1403 2376 1448 2414 de
1471 2375 1604 2426 quibus

246 2433 344 2482 forte
380 2433 490 2472 nulla
535 2436 736 2474 tradiderit
775 2437 841 2476 Vir
875 2438 949 2486 Gt,
993 2439 1035 2478 in
1070 2454 1148 2480 meo
1185 2455 1292 2492 opere
1329 2443 1417 2481 locis
1458 2443 1601 2483 idoneis

245 2500 430 2548 adjunxi,·
459 2501 501 2539 in
533 2503 780 2555 descriptione
806 2519 984 2557 yenerum
1013 2509 1135 2549 latina
1163 2511 1318 2561 optimos
1345 2515 1490 2551 secutus
1517 2525 1601 2552 sum

249 2568 476 2619 Scriptores,
514 2571 555 2608 in
593 2585 705 2624 eaque
736 2575 838 2614 nillil
865 2577 1076 2624 inunutaei,
1106 2564 1287 2630 qzicitenus
1314 2580 1423 2627 illae,
1455 2593 1598 2633 compa·

244 2638 389 2677 ratione
419 2638 607 2686 instituta,
640 2654 721 2681 eum
751 2645 886 2683 nostris
915 2646 1102 2697 indigenis
1131 2648 1399 2689 conveniebant.
